<?xml version="1.0" encoding="UTF-8"?><collection xmlns="http://www.loc.gov/MARC21/slim"><record><leader>00430nam--2200133-i-4500</leader><controlfield tag="001">000023601</controlfield><controlfield tag="002">20161230</controlfield><controlfield tag="005">20161230201035</controlfield><controlfield tag="008">060222s1000------------r-----000-0-eng-d</controlfield><datafield ind1=" " ind2=" " tag="080"><subfield code="a">541.1(061.3):546.65</subfield></datafield><datafield ind1=" " ind2=" " tag="245"><subfield code="a">The ii th rare earth research conference. october 7-10, 1974. sessions k through w</subfield></datafield><datafield ind1=" " ind2=" " tag="260"><subfield code="a">Michigan, Technical Information Center, 1975. Xxiii + 494 P</subfield></datafield><datafield ind1=" " ind2=" " tag="700"><subfield code="a">Hihn M.Haschke And Harry A.Eick</subfield></datafield><datafield ind1=" " ind2=" " tag="852"><subfield code="a">43591</subfield></datafield></record></collection>